%As referências ficaram comentadas, por que não achei como que faz quando é site =(

%@Book{site_1,
%	author = {Disponivel em:}
%	publisher = {http://www.ebah.com.br/content/ABAAABpykAC/java-basico-modulo-9},
%  title = 	 {http://www.ebah.com.br/content/ABAAABpykAC/java-basico-modulo-9},
%  year = 	 {Acessado em: 29/09/2011}
%}
%@Book{site_2,
%	author = {Disponivel em:}
%	http://pt.wikinourau.org/bin/view/GrupoJava/SlidesIntroducaoAsColecoes?skin=slidy
%  title = 	 {Java Básico},
%  year = 	 {Acessado em: 29/09/2011},
%}
%@Book{site_1,
%	http://pt.wikipedia.org/wiki/Benchmark_(computa%C3%A7%C3%A3o)
%  title = 	 {Benchmark},
%  year = 	 {Acessado em: 29/09/2011},
%}
